<record><leader>00000cas a22000007a 4500</leader><controlfield tag="001">19771942</controlfield><controlfield tag="008">890526d18991904couwr ne      0    0eng d</controlfield><datafield ind1=" " ind2=" " tag="010"><subfield code="a">sn 89052176 </subfield></datafield><datafield ind1=" " ind2=" " tag="040"><subfield code="a">CNQ</subfield><subfield code="b">eng</subfield><subfield code="c">CNQ</subfield><subfield code="d">OCLCQ</subfield></datafield><datafield ind1=" " ind2=" " tag="042"><subfield code="a">msc</subfield></datafield><datafield ind1="0" ind2=" " tag="130"><subfield code="a">Victor record (Victor, Colo. : 1899)</subfield></datafield><datafield ind1="1" ind2="0" tag="245"><subfield code="a">Victor record.</subfield></datafield><datafield ind1="1" ind2="7" tag="246"><subfield code="a">Victor weekly record</subfield></datafield><datafield ind1=" " ind2=" " tag="260"><subfield code="a">Victor, Colo. :</subfield><subfield code="b">Record Print. and Pub. Co.</subfield></datafield><datafield ind1=" " ind2=" " tag="300"><subfield code="a">v.</subfield></datafield><datafield ind1=" " ind2=" " tag="310"><subfield code="a">Weekly</subfield></datafield><datafield ind1="0" ind2=" " tag="362"><subfield code="a">Vol. 5, no. 1 (Oct. 5, 1899)-v. 7, no. 34 (May 15, 1902) ; v. 2, no. 34 (May 22, 1902)-v. 4, no. 17 (June 2, 1904).</subfield></datafield><datafield ind1=" " ind2=" " tag="515"><subfield code="a">Numbering is irregular.</subfield></datafield><datafield ind1=" " ind2=" " tag="530"><subfield code="a">Available on microfilm from the Colorado Historical Society.</subfield></datafield><datafield ind1=" " ind2=" " tag="752"><subfield code="a">United States</subfield><subfield code="b">Colorado</subfield><subfield code="c">Teller</subfield><subfield code="d">Victor.</subfield></datafield><datafield ind1="0" ind2=" " tag="775"><subfield code="t">Victor daily record</subfield><subfield code="w">(DLC)sn 86063364</subfield></datafield><datafield ind1="0" ind2="0" tag="780"><subfield code="t">Victor weekly record</subfield><subfield code="w">(DLC)sn 89052175</subfield></datafield><datafield ind1="0" ind2="0" tag="785"><subfield code="t">Victor weekly record (Victor, Colo. : 1904)</subfield><subfield code="w">(DLC)sn 89052177</subfield></datafield></record>